@online{gRPCdocs,
  author = {gRPC Authors},
  title = {Documentation | gRPC},
  year = {2021},
  howpublished = {\url{https://grpc.io/docs/}},
  urldate = {2021-04-27},
  note = {Accessed on 27.04.2021}
}
@online{freud,
  author = {{GitHub Inc.}},
  title = {usi-systems/freud: Freud, a tool to create Performance Annotations for C/C++ programs},
  year = {2021},
  howpublished = {\url{https://github.com/usi-systems/freud}},
  urldate = {2021-05-15},
  note = {Accessed on 15.05.2021}
}
@online{cppref,
  author = {cppreference.com},
  title = {C++ reference - cppreference.com},
  year = {2021},
  howpublished = {\url{https://en.cppreference.com/w/cpp}},
  urldate = {2021-05-22},
  note = {Accessed on 22.05.2021}
}