@online{gRPCdocs,
  author = {gRPC Authors},
  title = {Documentation | gRPC},
  year = {2021},
  howpublished = {\url{https://grpc.io/docs/}},
  urldate = {2021-04-27},
  note = {Accessed on 27.04.2021}
}